% This file was created with JabRef 2.6.
% Encoding: ISO8859_1

@ARTICLE{alexander,
  author = {Alexander, S. and McTague, J.},
  title = {Should all crystals be bcc? Landau theory of solidification and crystal
	nucleation},
  journal = {Phys. Rev. Lett.},
  year = {1978},
  volume = {41},
  pages = {702--705},
  number = {10},
  publisher = {APS}
}

@ARTICLE{anderson,
  author = {Anderson, V. J. and Lekkerkerker, H. N. W.},
  title = {Insights into phase transition kinetics from colloid science},
  journal = {Nature},
  year = {2002},
  volume = {416},
  pages = {811--815},
  number = {6883},
  publisher = {Nature Publishing Group}
}

@ARTICLE{AuerR,
  author = {S. Auer and D. Frenkel},
  title = {Numerical simulation of crystal nucleation in colloids},
  journal = {Adv. Polym. Sci.},
  year = {2005},
  volume = {173},
  pages = {149-207},
  owner = {tanaka},
  timestamp = {2009.10.05}
}

@ARTICLE{auer,
  author = {S. Auer and D. Frenkel},
  title = {Numerical prediction of absolute crystallization rates in hard-sphere
	colloids},
  journal = {J. Chem. Phys.},
  year = {2004},
  volume = {120},
  pages = {3015-3029},
  number = {6},
  doi = {10.1063/1.1638740},
  keywords = {crystallisation; colloids; nucleation; crystal growth},
  publisher = {AIP}
}

@ARTICLE{AuerN,
  author = {S. Auer and D. Frenkel},
  title = {Prediction of absolute crystal-nucleation rate in hard-sphere colloids.},
  journal = {Nature},
  year = {2001},
  volume = {409},
  pages = {1020-1023},
  owner = {tanaka},
  timestamp = {2009.07.17}
}

@ARTICLE{baranyai,
  author = {Baranyai, A. and Evans, D. J.},
  title = {Direct entropy calculation from computer simulation of liquids},
  journal = {Phys. Rev. A},
  year = {1989},
  volume = {40},
  pages = {3817},
  number = {7},
  publisher = {APS}
}

@ARTICLE{baus,
  author = {Baus, M.},
  title = {Statistical mechanical theories of freezing: An overview},
  journal = {J. Stat. Phys.},
  year = {1987},
  volume = {48},
  pages = {1129--1146},
  number = {5},
  publisher = {Springer}
}

@ARTICLE{bolhuis_entropy,
  author = {Bolhuis, P. G. and Frenkel, D. and Mau, S. C. and Huse, D. A.},
  title = {Entropy difference between crystal phases},
  journal = {Nature},
  year = {1997},
  volume = {388},
  pages = {235--236},
  number = {6639},
  publisher = {Nature publishing group}
}

@ARTICLE{chaikin,
  author = {Cheng, Z. and Zhu, J. and Russel, W.B. and Meyer, W.V. and Chaikin,
	P.M.},
  title = {Colloidal hard-sphere crystallization kinetics in microgravity and
	normal gravity},
  journal = {Appl. Optics},
  year = {2001},
  volume = {40},
  pages = {4146--4151},
  number = {24},
  publisher = {Optical Society of America}
}

@ARTICLE{desgranges,
  author = {Desgranges, C. and Delhommelle, J.},
  title = {Role of liquid polymorphism during the crystallization of Silicon},
  journal = {J. Am. Chem. Soc.},
  year = {2011},
  publisher = {ACS Publications}
}

@ARTICLE{versmold,
  author = {Dux, Christian and Versmold, Heiner },
  title = {Light diffraction from shear ordered colloidal dispersions},
  journal = {Phys. Rev. Lett.},
  year = {1997},
  volume = {78},
  pages = {1811--1814},
  number = {9},
  month = {Mar},
  numpages = {3},
  publisher = {American Physical Society}
}

@ARTICLE{filion,
  author = {L. Filion and M. Hermes and R. Ni and M. Dijkstra},
  title = {Crystal nucleation of hard spheres using molecular dynamics, umbrella
	sampling, and forward flux sampling: A comparison of simulation techniques},
  journal = {J. Chem. Phys.},
  year = {2010},
  volume = {133},
  pages = {244115},
  number = {24},
  eid = {244115},
  doi = {10.1063/1.3506838},
  keywords = {diffusion; molecular dynamics method; nucleation},
  publisher = {AIP}
}

@article{filion2,
  title={Simulation of nucleation in almost hard-sphere colloids: The discrepancy between experiment and simulation persists},
  author={Filion, L. and Ni, R. and Frenkel, D. and Dijkstra, M.},
  journal={J. Chem. Phys.},
  volume={134},
  pages={134901},
  year={2011}
}


@ARTICLE{gasser_review,
  author = {Gasser, U.},
  title = {Crystallization in three-and two-dimensional colloidal suspensions},
  journal = {J. Phys.: Condens. Matter},
  year = {2009},
  volume = {21},
  pages = {203101},
  publisher = {IOP Publishing}
}

@ARTICLE{GasserR,
  author = {U. Gasser},
  title = {Crystallization in three- and two-dimensional colloidal suspensions},
  journal = {J. Phys.:Condens. Matter},
  year = {2009},
  volume = {21},
  pages = {203101},
  owner = {tanaka},
  timestamp = {2009.07.17}
}

@ARTICLE{gasser,
  author = {Gasser, U. and Weeks, E. R. and Schofield, A. and Pusey, P. N. and
	Weitz, D. A.},
  title = {Real-space imaging of nucleation and growth in colloidal crystallization},
  journal = {Science},
  year = {2001},
  volume = {292},
  pages = {258},
  number = {5515}
}

@ARTICLE{iacopini,
  author = {Sara Iacopini and Thomas Palberg and Hans Joachim Sch\"{o}pe},
  title = {Crystallization kinetics of polydisperse hard-sphere-like microgel
	colloids: Ripening dominated crystal growth above melting},
  journal = {J. Chem. Phys.},
  year = {2009},
  volume = {130},
  pages = {084502},
  number = {8},
  publisher = {AIP}
}

@ARTICLE{laso_soft,
  author = {Karayiannis, N.C. and Malshe, R. and Kr{\"o}ger, M. and de Pablo,
	J.J. and Laso, M.},
  title = {Evolution of fivefold local symmetry during crystal nucleation and
	growth in dense hard-sphere packings},
  journal = {Soft Matter},
  year = {2011},
  volume = {8},
  pages = {844--858},
  number = {3},
  publisher = {The Royal Society of Chemistry}
}

@ARTICLE{Laso,
  author = {Karayiannis, Nikos Ch. and Malshe, Rohit and de Pablo, Juan J. and
	Laso, Manuel },
  title = {Fivefold symmetry as an inhibitor to hard-sphere crystallization},
  journal = {Phys. Rev. E},
  year = {2011},
  volume = {83},
  pages = {061505},
  number = {6},
  month = {Jun},
  numpages = {5}
}

@ARTICLE{laso,
  author = {Karayiannis, Nikos Ch. and Malshe, Rohit and de Pablo, Juan J. and
	Laso, Manuel},
  title = {Fivefold symmetry as an inhibitor to hard-sphere crystallization},
  journal = {Phys. Rev. E},
  year = {2011},
  volume = {83},
  pages = {061505},
  month = {Jun},
  issue = {6},
  numpages = {5}
}

@ARTICLE{kawasaki,
  author = {Kawasaki, T. and Tanaka, H.},
  title = {{Formation of a crystal nucleus from liquid}},
  journal = {Proc. Nat. Acad. Sci. U.S.A.},
  year = {2010},
  volume = {107},
  pages = {14036},
  number = {32},
  issn = {0027-8424},
  publisher = {National Acad Sciences}
}

@BOOK{kelton2010,
  title = {Nucleation in Condensed Matter: Applications in Materials and Biology},
  publisher = {Pergamon},
  year = {2010},
  author = {Kelton, K. and Greer, A. L.}
}

@ARTICLE{lechner,
  author = {Wolfgang Lechner and Christoph Dellago},
  title = {Accurate determination of crystal structures based on averaged local
	bond order parameters},
  journal = {J. Chem. Phys.},
  year = {2008},
  volume = {129},
  pages = {114707},
  number = {11},
  eid = {114707},
  doi = {10.1063/1.2977970},
  keywords = {crystal structure; liquid theory; molecular dynamics method; undercooling},
  publisher = {AIP}
}

@ARTICLE{bolhuis,
  author = {Lechner, W. and Dellago, C. and Bolhuis, P. G.},
  title = {Role of the prestructured surface cloud in crystal nucleation},
  journal = {Phys. Rev. Lett.},
  year = {2011},
  volume = {106},
  pages = {85701},
  number = {8},
  publisher = {APS}
}

@ARTICLE{mathieu_icosahedra,
  author = {Leocmach, M. and Tanaka, H.},
  title = {Roles of icosahedral and crystal-like order in hard spheres glass
	transition},
  year = {2012},
  pages = {submitted}
}

@ARTICLE{likos,
  author = {Likos, C. N.},
  title = {Effective interactions in soft condensed matter physics},
  journal = {Phys. Rep.},
  year = {2001},
  volume = {348},
  pages = {267--439},
  number = {4-5},
  publisher = {Elsevier}
}

@ARTICLE{luchnikov,
  author = {Luchnikov, V. and Gervois, A. and Richard, P. and Oger, L. and Troadec,
	J. P.},
  title = {Crystallization of dense hard sphere packings Competition of hcp
	and fcc close order},
  journal = {J. Mol. Liq.},
  year = {2002},
  volume = {96},
  pages = {185--194},
  publisher = {Elsevier}
}

@ARTICLE{lutsko,
  author = {Lutsko, J. F. and Nicolis, G.},
  title = {Theoretical evidence for a dense fluid precursor to crystallization},
  journal = {Phys. Rev. Lett.},
  year = {2006},
  volume = {96},
  pages = {46102},
  number = {4},
  publisher = {APS}
}

@ARTICLE{molinero2008water,
  author = {Molinero, V. and Moore, E.B.},
  title = {Water modeled as an intermediate element between Carbon and Silicon†},
  journal = {J. Phys. Chem. B},
  year = {2008},
  volume = {113},
  pages = {4008--4016},
  number = {13},
  publisher = {ACS Publications}
}

@ARTICLE{moore2010freezing,
  author = {Moore, E.B. and de La Llave, E. and Welke, K. and Scherlis, D.A.
	and Molinero, V.},
  title = {Freezing, melting and structure of ice in a hydrophilic nanopore},
  journal = {Phys. Chem. Chem. Phys.},
  year = {2010},
  volume = {12},
  pages = {4124--4134},
  number = {16},
  publisher = {The Royal Society of Chemistry}
}

@ARTICLE{moore2010ice,
  author = {Moore, E.B. and Molinero, V.},
  title = {Ice crystallization in water‚Äôs ‚Äúno-man‚Äôs land‚Äù},
  journal = {J. Chem. Phys.},
  year = {2010},
  volume = {132},
  pages = {244504}
}

@ARTICLE{molinero,
  author = {More, E. B. and Molinero, V.},
  title = {Structural transformation in supercooled water controls the crystallization
	rate of ice},
  journal = {arXiv:1107.1622v1},
  year = {2011}
}

@ARTICLE{ran_hardrods,
  author = {Ni, Ran and Belli, Simone and van Roij, Ren\'e and Dijkstra, Marjolein
	},
  title = {Glassy Dynamics, Spinodal Fluctuations, and the Kinetic Limit of
	Nucleation in Suspensions of Colloidal Hard Rods},
  journal = {Phys. Rev. Lett.},
  year = {2010},
  volume = {105},
  pages = {088302},
  number = {8},
  numpages = {4}
}

@ARTICLE{noya2008determination,
  author = {Noya, E.G. and Vega, C. and de Miguel, E.},
  title = {Determination of the melting point of hard spheres from direct coexistence
	simulation methods},
  journal = {J. Chem. Phys.},
  year = {2008},
  volume = {128},
  pages = {154507}
}

@ARTICLE{malley,
  author = {Brendan O'Malley and Ian Snook},
  title = {Structure of hard-sphere fluid and precursor structures to crystallization},
  journal = {J. Chem. Phys.},
  year = {2005},
  volume = {123},
  pages = {054511},
  number = {5},
  numpages = {11}
}

@ARTICLE{snook,
  author = {O'Malley, B. and Snook, I.},
  title = {Crystal nucleation in the hard sphere system},
  journal = {Phys. Rev. Lett.},
  year = {2003},
  volume = {90},
  pages = {85702},
  number = {8},
  publisher = {APS}
}

@ARTICLE{ostwald,
  author = {Ostwald, W.},
  title = {Studien uber die Bildung und Umwandlung fester Korper},
  journal = {Z. Phys. Chem},
  year = {1897},
  volume = {22},
  pages = {289--330},
  number = {3}
}

@ARTICLE{oxtoby,
  author = {Oxtoby, D. W.},
  title = {Nucleation of first-order phase transitions},
  journal = {Acc. Chem. Res.},
  year = {1998},
  volume = {31},
  pages = {91--97},
  number = {2},
  publisher = {ACS Publications}
}

@ARTICLE{palberg,
  author = {Palberg, T.},
  title = {Colloidal crystallization dynamics},
  journal = {Curr. Opin. Colloid Interface Sci.},
  year = {1997},
  volume = {2},
  pages = {607--614},
  number = {6},
  publisher = {Elsevier}
}

@ARTICLE{blavette,
  author = {T. Philippe and D. Blavette},
  title = {Minimum free-energy pathway of nucleation},
  journal = {J. Chem. Phys.},
  year = {2011},
  volume = {135},
  pages = {134508},
  number = {13},
  eid = {134508},
  numpages = {4},
  publisher = {AIP}
}

@ARTICLE{pristipino_pre,
  author = {Prestipino, Santi and Saija, Franz and Giaquinta, Paolo V.},
  title = {Phase diagram of the Gaussian-core model},
  journal = {Phys. Rev. E},
  year = {2005},
  volume = {71},
  pages = {050102},
  month = {May},
  doi = {10.1103/PhysRevE.71.050102},
  issue = {5},
  numpages = {4},
  publisher = {American Physical Society}
}

@ARTICLE{pronk,
  author = {Sander Pronk and Daan Frenkel},
  title = {Can stacking faults in hard-sphere crystals anneal out spontaneously?},
  journal = {J. Chem. Phys.},
  year = {1999},
  volume = {110},
  pages = {4589-4592},
  number = {9},
  publisher = {AIP}
}

@ARTICLE{pusey,
  author = {Pusey, P. N. and Van Megen, W. and Bartlett, P. and Ackerson, B.
	J. and Rarity, J. G. and Underwood, S. M.},
  title = {Structure of crystals of hard colloidal spheres},
  journal = {Phys. Rev. Lett.},
  year = {1989},
  volume = {63},
  pages = {2753--2756},
  number = {25},
  publisher = {APS}
}

@ARTICLE{reinhardt2011free,
  author = {Aleks Reinhardt and Jonathan P. K. Doye},
  title = {Free energy landscapes for homogeneous nucleation of ice for a monatomic
	water model},
  journal = {J. Chem. Phys.},
  year = {2012},
  volume = {136},
  pages = {054501},
  number = {5},
  eid = {054501},
  keywords = {free energy; ice; melting; Monte Carlo methods; nucleation; supercooling},
  numpages = {11},
  publisher = {AIP}
}

@ARTICLE{richard1999order,
  author = {Richard, P. and Gervois, A. and Oger, L. and Troadec, J. P.},
  title = {Order and disorder in hard-sphere packings},
  journal = {EPL (Europhysics Letters)},
  year = {1999},
  volume = {48},
  pages = {415},
  publisher = {IOP Publishing}
}

@ARTICLE{romano_tetrahedral,
  author = {Flavio Romano and Eduardo Sanz and Francesco Sciortino},
  title = {Crystallization of tetrahedral patchy particles in silico},
  journal = {J. Chem. Phys.},
  year = {2011},
  volume = {134},
  pages = {174502},
  number = {17},
  coden = {JCPSA6},
  doi = {DOI:10.1063/1.3578182},
  eissn = {10897690},
  issn = {00219606},
  publisher = {AIP}
}

@ARTICLE{royall_nature,
  author = {Royall, C.P. and Williams, S.R. and Ohtsuka, T. and Tanaka, H.},
  title = {Direct observation of a local structural mechanism for dynamic arrest},
  journal = {Nature Mater.},
  year = {2008},
  volume = {7},
  pages = {556--561},
  number = {7},
  publisher = {Nature Publishing Group}
}


@Article{russo_gcm,
author ={Russo, John and Tanaka, Hajime},
title  ={Selection mechanism of polymorphs in the crystal nucleation of the Gaussian core model},
journal  ={Soft Matter},
year  ={2012},
volume  ={8},
issue  ={15},
pages  ={4206-4215},
publisher  ={The Royal Society of Chemistry}
}

@ARTICLE{russo_hs,
  author = {Russo, J. and Tanaka, H.},
  title = {The microscopic pathway to crystallization in supercooled liquids},
  journal = {submitted},
  year = {2012},
}

@ARTICLE{sanz,
  author = {Sanz, Eduardo and Valeriani, Chantal and Zaccarelli, Emanuela and
	Poon, W. C. K. and Pusey, P. N. and Cates, M. E.},
  title = {Crystallization mechanism of hard sphere glasses},
  journal = {Phys. Rev. Lett.},
  year = {2011},
  volume = {106},
  pages = {215701},
  number = {21},
  month = {May}
}

@ARTICLE{savage,
  author = {Savage, J. R. and Dinsmore, A. D.},
  title = {Experimental evidence for two-step nucleation in colloidal crystallization},
  journal = {Phys. Rev. Lett.},
  year = {2009},
  volume = {102},
  pages = {198302},
  number = {19},
  publisher = {APS}
}

@ARTICLE{schoppe,
  author = {Sch\"ope, Hans Joachim and Bryant, Gary and van~Megen, William },
  title = {Two-step crystallization kinetics in colloidal hard-sphere systems},
  journal = {Phys. Rev. Lett.},
  year = {2006},
  volume = {96},
  pages = {175701},
  number = {17},
  publisher = {American Physical Society}
}

@ARTICLE{schilling_jpcm,
  author = {Schilling, T. and Dorosz, S. and Schoepe, H.J. and Opletal, G.},
  title = {Crystallization in suspensions of hard spheres: a Monte Carlo and
	molecular dynamics simulation study},
  journal = {J. Phys.: Condens. Matter},
  year = {2011},
  volume = {23},
  pages = {194120},
  publisher = {IOP Publishing}
}

@ARTICLE{schilling,
  author = {Schilling, T. and Sch{\"o}pe, HJ and Oettel, M. and Opletal, G. and
	Snook, I.},
  title = {Precursor-mediated crystallization process in suspensions of hard
	spheres},
  journal = {Phys. Rev. Lett.},
  year = {2010},
  volume = {105},
  pages = {25701},
  number = {2},
  publisher = {APS}
}

@ARTICLE{generalized_gibbs,
  author = {Schmelzer, J.W.P. and Gokhman, A.R. and Fokin, V.M.},
  title = {Dynamics of first-order phase transitions in multicomponent systems:
	a new theoretical approach},
  journal = {J. Colloid. Interf. Sci.},
  year = {2004},
  volume = {272},
  pages = {109--133},
  number = {1},
  publisher = {Elsevier}
}

@ARTICLE{SearR,
  author = {R. Sear},
  title = {{Nucleation: Theory and applications to protein solutions and colloidal
	suspensions}},
  journal = {J. Phys.: Condens. Matter},
  year = {2007},
  volume = {19},
  pages = {033101},
  owner = {tanaka},
  timestamp = {2009.09.18}
}

@ARTICLE{ShintaniNP,
  author = {H. Shintani and H. Tanaka},
  title = {Frustration on the way to crystallization in glass},
  journal = {Nature Phys.},
  year = {2006},
  volume = {2},
  pages = {200-206},
  owner = {Hajime},
  timestamp = {2012.03.13}
}

@ARTICLE{steinhardt,
  author = {Steinhardt, Paul J. and Nelson, David R. and Ronchetti, Marco },
  title = {Bond-orientational order in liquids and glasses},
  journal = {Phys. Rev. B},
  year = {1983},
  volume = {28},
  pages = {784--805},
  number = {2},
  month = {Jul},
  doi = {10.1103/PhysRevB.28.784},
  publisher = {American Physical Society}
}

@ARTICLE{stillinger,
  author = {Frank H. Stillinger},
  title = {Phase transitions in the Gaussian core system},
  journal = {J. Chem. Phys.},
  year = {1976},
  volume = {65},
  pages = {3968-3974},
  number = {10}
}

@ARTICLE{TanakaGJPCM,
  author = {H. Tanaka},
  title = {A simple physical model of liquid-glass transition: Intrinsic fluctuating
	interactions and random fields hidden in glass-forming liquids},
  journal = {J. Phys.: Condens. Matter},
  year = {1998},
  volume = {10},
  pages = {L207-L214},
  owner = {Hajime},
  timestamp = {2012.03.13}
}

@ARTICLE{tanaka,
  author = {Tanaka, H. and Kawasaki, T. and Shintani, H. and Watanabe, K.},
  title = {Critical-like behaviour of glass-forming liquids},
  journal = {Nature Mater.},
  year = {2010},
  volume = {9},
  pages = {324--331},
  number = {4},
  publisher = {Nature Publishing Group}
}

@ARTICLE{torrie,
  author = {Torrie, G. M. and Valleau, J. P.},
  title = {Monte Carlo free energy estimates using non-Boltzmann sampling: Application
	to the sub-critical Lennard-Jones fluid},
  journal = {Chem. Phys. Lett.},
  year = {1974},
  volume = {28},
  pages = {578--581},
  number = {4}
}

@ARTICLE{torquato,
  author = {Truskett, T. M. and Torquato, S. and Debenedetti, P. G. },
  title = {Towards a quantification of disorder in materials: Distinguishing
	equilibrium and glassy sphere packings},
  journal = {Phys. Rev. E},
  year = {2000},
  volume = {62},
  pages = {993},
  number = {1},
  publisher = {APS}
}

@ARTICLE{truskett,
  author = {Truskett, T. M. and Torquato, S. and Sastry, S. and Debenedetti,
	P. G. and Stillinger, F. H.},
  title = {Structural precursor to freezing in the hard-disk and hard-sphere
	systems},
  journal = {Phys. Rev. E},
  year = {1998},
  volume = {58},
  pages = {3083},
  number = {3},
  publisher = {APS}
}

@ARTICLE{zacca_nuovo,
  author = {Valeriani, Chantal and Sanz, Eduardo and Pusey, P. N. and Poon, W.
	C. K. and Cates, M. E. and Zaccarelli, Emanuela},
  title = {From compact to fractal crystalline clusters in concentrated systems
	of monodisperse hard spheres},
  journal = {Soft Matter},
  year = {2012},
  pages = {in press}
}

@ARTICLE{wedekind,
  author = {{Wedekind}, J. and {Strey}, R. and {Reguera}, D.},
  title = {{New method to analyze simulations of activated processes}},
  journal = {J. Chem. Phys.},
  year = {2007},
  volume = {126},
  pages = {134103},
  number = {13},
  keywords = {Transition state theory and statistical theories of rate constants,
	Computational modeling; simulation, Rate constants, reaction cross
	sections, and activation energies, Thermodynamics of nucleation,
	Molecular dynamics and particle methods, Brownian motion}
}

@ARTICLE{zaccarelli,
  author = {Zaccarelli, E. and Valeriani, C. and Sanz, E. and Poon, W. C. K.
	and Cates, M. E. and Pusey, P. N.},
  title = {Crystallization of hard-sphere glasses},
  journal = {Phys. Rev. Lett.},
  year = {2009},
  volume = {103},
  pages = {135704},
  number = {13},
  numpages = {4}
}

@MISC{nota_12,
  note = {The use of a cutoff distance in defining the neighbours shows up
	as a discontinuity in the radial distribution function for subset
	of particles with high structural order.}
}

@MISC{nota_bcc,
  note = {The configurations for the bcc structure are taken from constrained
	simulations, since the bcc crystal is not mechanically stable at
	that pressure.}
}

@MISC{nota_fraction,
  note = {Excluding bcc from the analysis, as done in Ref.~\cite{filion}, we
	get a fraction of fcc particles of $(75\pm 1)\%$, in excellent agreement
	with Ref.~\cite{filion}}
}

@MISC{nota_w4,
  note = {To check that this phenomena is not an artifact of the coarse graining
	procedure employed in the calculation of the order parameters, we
	also confirm that the same histograms are obtained by excluding from
	the analysis the liquid particles which have at least one solid neighbour.}
}

@article{moore2011cubic,
  title={Is it cubic? Ice crystallization from deeply supercooled water},
  author={Moore, E.B. and Molinero, V.},
  journal={Phys. Chem. Chem. Phys.},
  volume = {13},
  pages = {20008},
  year={2011},
  publisher={Royal Society of Chemistry}
}

@book{allen,
  title={Computer simulation of liquids},
  author={Allen, M.P. and Tildesley, D.J.},
  volume={18},
  number={195},
  year={1989},
  publisher={Oxford university press}
}

@article{liu_diffusion,
  title={On the calculation of diffusion coefficients in confined fluids and interfaces with an application to the liquid-vapor interface of water},
  author={Liu, P. and Harder, E. and Berne, BJ},
  journal={J. Phys. Chem. B},
  volume={108},
  number={21},
  pages={6595--6602},
  year={2004},
  publisher={ACS Publications}
}

@article{watanabe_walls,
  title={Structural origin of enhanced slow dynamics near a wall in glass-forming systems},
  author={Watanabe, K. and Kawasaki, T. and Tanaka, H.},
  journal={Nat. Mater.},
  volume={10},
  number={7},
  pages={512--520},
  year={2011},
  publisher={Nature Publishing Group}
}

@article{wedekind_freeenergy,
  title={Kinetic Reconstruction of the Free-Energy Landscape},
  author={Wedekind, J. and Reguera, D.},
  journal={The Journal of Physical Chemistry B},
  volume={112},
  number={35},
  pages={11060--11063},
  year={2008},
  publisher={ACS Publications}
}

@article{cheng,
  title={Colloidal hard-sphere crystallization kinetics in microgravity and normal gravity},
  author={Cheng, Z. and Zhu, J. and Russel, W.B. and Meyer, W.V. and Chaikin, P.M.},
  journal={Appl. Optics},
  volume={40},
  number={24},
  pages={4146--4151},
  year={2001},
  publisher={Optical Society of America}
}

@article{paulin1990observation,
  title={Observation of a phase transition in the sedimentation velocity of hard spheres},
  author={Paulin, SE and Ackerson, B.J.},
  journal={Phys. Rev. Lett.},
  volume={64},
  number={22},
  pages={2663--2666},
  year={1990},
  publisher={APS}
}

@article{underwood1994sterically,
  title={Sterically stabilized colloidal particles as model hard spheres},
  author={Underwood, SM and Taylor, JR and Van Megen, W.},
  journal={Langmuir},
  volume={10},
  number={10},
  pages={3550--3554},
  year={1994},
  publisher={ACS Publications}
}

@article{schatzel1993density,
  title={Density fluctuations during crystallization of colloids},
  author={Sch{\"a}tzel, K. and Ackerson, B.J.},
  journal={Phys. Rev. E},
  volume={48},
  number={5},
  pages={3766},
  year={1993},
  publisher={APS}
}

@article{palberg1999crystallization,
  title={Crystallization kinetics of repulsive colloidal spheres},
  author={Palberg, T.},
  journal={J. Phys.: Condens. Matter},
  volume={11},
  pages={R323},
  year={1999},
  publisher={IOP Publishing}
}

@article{harland1997crystallization,
  title={Crystallization kinetics of suspensions of hard colloidal spheres},
  author={Harland, JL and Van Megen, W.},
  journal={Phys. Rev. E},
  volume={55},
  number={3},
  pages={3054},
  year={1997},
  publisher={APS}
}

@article{sinn2001solidification,
  title={Solidification kinetics of hard-sphere colloidal suspensions},
  author={Sinn, C. and Heymann, A. and Stipp, A. and Palberg, T.},
  journal={Prog. Coll. Pol. Sci. S},
  pages={266--275},
  year={2001},
  publisher={Springer}
}

@article{pusey2009hard,
  title={Hard spheres: crystallization and glass formation},
  author={Pusey, PN and Zaccarelli, E. and Valeriani, C. and Sanz, E. and Poon, W.C.K. and Cates, M.E.},
  journal={Philos. T. R. Soc. A},
  volume={367},
  number={1909},
  pages={4993--5011},
  year={2009},
  publisher={The Royal Society}
}

@article{auer2001prediction,
  title={Prediction of absolute crystal-nucleation rate in hard-sphere colloids},
  author={Auer, S. and Frenkel, D.},
  journal={Nature},
  volume={409},
  number={6823},
  pages={1020--1023},
  year={2001},
  publisher={Nature}
}

@article{nuesser1999brownian,
  title={Brownian dynamics simulation of sedimented colloidal suspensions},
  author={Nuesser, W. and Versmold, H.},
  journal={Mol. Phys.},
  volume={96},
  number={6},
  pages={893--903},
  year={1999},
  publisher={Taylor \& Francis}
}

@article{chen2006density,
  title={The density profile of hard sphere liquid system under gravity},
  author={Chen, H. and Ma, H.},
  journal={J. Chem. Phys.},
  volume={125},
  pages={024510},
  year={2006}
}

@article{allahyarov2011huge,
  title={Huge broadening of the crystal-fluid interface for sedimenting colloids},
  author={Allahyarov, E. and L{\"o}wen, H.},
  journal={EPL},
  volume={95},
  pages={38004},
  year={2011},
  publisher={IOP Publishing}
}

@article{marechal2007crystallization,
  title={Crystallization of colloidal hard spheres under gravity},
  author={Marechal, M. and Dijkstra, M.},
  journal={Phys. Rev. E},
  volume={75},
  number={6},
  pages={061404},
  year={2007},
  publisher={APS}
}

@article{mehrotra2011gradient,
  title={Gradient Monte Carlo simulations: Hard spheres in spatially varying temperature and gravitational fields},
  author={Mehrotra, A.S. and Puri, S. and Khakhar, DV},
  journal={Phys. Rev. E},
  volume={83},
  number={6},
  pages={061306},
  year={2011},
  publisher={APS}
}

@article{piazza1993equilibrium,
  title={Equilibrium sedimentation profiles of screened charged colloids: A test of the hard-sphere equation of state},
  author={Piazza, R. and Bellini, T. and Degiorgio, V.},
  journal={Phys. Rev. Lett.},
  volume={71},
  number={25},
  pages={4267--4270},
  year={1993},
  publisher={APS}
}

@article{mori2006crystal,
  title={Crystal structure of hard spheres under gravity by Monte Carlo simulation},
  author={Mori, A. and Yanagiya, S. and Suzuki, Y. and Sawada, T. and Ito, K.},
  journal={Sci. Technol. Adv. Mat.},
  volume={7},
  number={3},
  pages={296--302},
  year={2006},
  publisher={Elsevier}
}

@article{ramsteiner2009experimental,
  title={Experimental observation of the crystallization of hard-sphere colloidal particles by sedimentation onto flat and patterned surfaces},
  author={Ramsteiner, IB and Jensen, K.E. and Weitz, D.A. and Spaepen, F.},
  journal={Phys. Rev. E},
  volume={79},
  number={1},
  pages={011403},
  year={2009},
  publisher={APS}
}

@article{simeonova2004gravity,
  title={Gravity-induced aging in glasses of colloidal hard spheres},
  author={Simeonova, N.B. and Kegel, W.K.},
  journal={Phys. Rev. Lett.},
  volume={93},
  number={3},
  pages={35701},
  year={2004},
  publisher={APS}
}

@article{levin2000crystallization,
  title={Crystallization of hard spheres under gravity},
  author={Levin, Y.},
  journal={Phys. A},
  volume={287},
  number={1},
  pages={100--104},
  year={2000},
  publisher={Elsevier}
}

@article{volkov2002molecular,
  title={Molecular dynamics simulations of crystallization of hard spheres},
  author={Volkov, I. and Cieplak, M. and Koplik, J. and Banavar, J.R.},
  journal={Phys. Rev. E},
  volume={66},
  number={6},
  pages={061401},
  year={2002},
  publisher={APS}
}

@article{valeriani2012compact,
  title={From compact to fractal crystalline clusters in concentrated systems of monodisperse hard spheres},
  author={Valeriani, C. and Sanz, E. and Pusey, P.N. and Poon, W.C.K. and Cates, M.E. and Zaccarelli, E.},
  journal={Soft Matter},
  volume = {8},
  pages = {4960},
  year={2012},
  publisher={Royal Society of Chemistry}
}

@article{gong2007nucleation,
  title={Nucleation rate measurement of colloidal crystallization using microfluidic emulsion droplets},
  author={Gong, T. and Shen, J. and Hu, Z. and Marquez, M. and Cheng, Z.},
  journal={Langmuir},
  volume={23},
  number={6},
  pages={2919--2923},
  year={2007},
  publisher={ACS Publications}
}

@article{bartlett1991colloidal,
  title={Colloidal crystallization under time-averaged zero gravity},
  author={Bartlett, P. and Pusey, PN and Ottewill, RH},
  journal={Langmuir},
  volume={7},
  number={2},
  pages={213--215},
  year={1991},
  publisher={ACS Publications}
}

@article{cheng2001crystallization,
  title={Crystallization kinetics of hard spheres in microgravity in the coexistence regime: Interactions between growing crystallites},
  author={Cheng, Z. and Chaikin, PM and Zhu, J. and Russel, WB and Meyer, WV},
  journal={Phys. Rev. Lett.},
  volume={88},
  number={1},
  pages={15501},
  year={2001},
  publisher={APS}
}

@article{hoogenboom2003real,
  title={A real-space analysis of colloidal crystallization in a gravitational field at a flat bottom wall},
  author={Hoogenboom, J.P. and Vergeer, P. and van Blaaderen, A.},
  journal={J. Chem. Phys.},
  volume={119},
  pages={3371},
  year={2003}
}

@article{tang2004crystallization,
  title={Crystallization kinetics of thermosensitive colloids probed by transmission spectroscopy},
  author={Tang, S. and Hu, Z. and Cheng, Z. and Wu, J.},
  journal={Langmuir},
  volume={20},
  number={20},
  pages={8858--8864},
  year={2004},
  publisher={ACS Publications}
}

@article{bolhuis1996monte,
  title={Monte Carlo study of freezing of polydisperse hard spheres},
  author={Bolhuis, P.G. and Kofke, D.A.},
  journal={Phys. Rev. E},
  volume={54},
  number={1},
  pages={634},
  year={1996},
  publisher={APS}
}

@article{fasolo2004fractionation,
  title={Fractionation effects in phase equilibria of polydisperse hard-sphere colloids},
  author={Fasolo, M. and Sollich, P.},
  journal={Phys. Rev. E},
  volume={70},
  number={4},
  pages={041410},
  year={2004},
  publisher={APS}
}

@article{scheidler2002cooperative,
  title={Cooperative motion and growing length scales in supercooled confined liquids},
  author={Scheidler, P. and Kob, W. and Binder, K.},
  journal={EPL},
  volume={59},
  pages={701},
  year={2002},
  publisher={IOP Publishing}
}

@article{scheidler2004relaxation,
  title={The relaxation dynamics of a supercooled liquid confined by rough walls},
  author={Scheidler, P. and Kob, W. and Binder, K.},
  journal={J. Phys. Chem. B},
  volume={108},
  number={21},
  pages={6673--6686},
  year={2004},
  publisher={ACS Publications}
}

@article{kob2012spatial,
  title={Spatial correlations in glass-forming liquids across the mode-coupling crossover},
  author={Kob, W. and Roldan-Vargas, S. and Berthier, L.},
  journal={Arxiv preprint arXiv:1203.4423},
  year={2012}
}
